<OAI-PMH xmlns="http://www.openarchives.org/OAI/2.0/" xmlns:xsi="http://www.w3.org/2001/XMLSchema-instance" xsi:schemaLocation="http://www.openarchives.org/OAI/2.0/                                       http://www.openarchives.org/OAI/2.0/OAI-PMH.xsd                        http://www.extensiblecatalog.org/xsd/mst/1.0                                       http://www.extensiblecatalog.org/doc/MST/xsd/mst.xsd">
  <responseDate>2011-02-23T16:26:00Z</responseDate>
  <request from="1960-02-23T21:26:00Z" metadataPrefix="marcxml" until="2011-02-23T21:26:00Z" verb="ListRecords">http://localhost:8080/MetadataServicesToolkit/marcnormalization-Service/oaiRepository?verb=ListRecords</request>
  <ListRecords>
    <record>
      <header>
        <identifier>oai:library.rochester.edu:URVoyager1/030</identifier>
        <datestamp>2010-08-10T20:06:32Z</datestamp>
        <setSpec>auth</setSpec>
      </header>
			<metadata>
				<marc:record xmlns:marc="http://www.loc.gov/MARC21/slim" xmlns:xsi="http://www.w3.org/2001/XMLSchema-instance" xsi:schemaLocation="http://www.loc.gov/MARC21/slim http://128.151.244.135:8080/OAIToolkit/schema/MARC21slim_custom.xsd">
					<marc:leader>00426nz  a2200133n  4500</marc:leader>
					<marc:controlfield tag="001">2</marc:controlfield>
					<marc:controlfield tag="003">NRU</marc:controlfield>
					<marc:controlfield tag="005">19941227145721.8</marc:controlfield>
					<marc:controlfield tag="008">941227n| acannaab|          |a ana ||| b</marc:controlfield>
					<marc:datafield ind1=" " ind2=" " tag="010">
						<marc:subfield code="a">n  94803468 </marc:subfield>
					</marc:datafield>
					<marc:datafield ind1=" " ind2=" " tag="035">
						<marc:subfield code="a">n  94803468</marc:subfield>
					</marc:datafield>
					<marc:datafield ind1=" " ind2=" " tag="040">
						<marc:subfield code="a">DNLM</marc:subfield>
						<marc:subfield code="c">DLC</marc:subfield>
					</marc:datafield>
					<marc:datafield ind1="2" ind2="0" tag="110">
						<marc:subfield code="a">National Vaccine Plan (U.S.)</marc:subfield>
					</marc:datafield>
					<marc:datafield ind1="1" ind2="0" tag="410">
						<marc:subfield code="a">United States.</marc:subfield>
						<marc:subfield code="b">National Vaccine Plan</marc:subfield>
					</marc:datafield>
					<marc:datafield ind1=" " ind2=" " tag="670">
						<marc:subfield code="a">Disease prevention through vaccine development and immunization, 1994:</marc:subfield>
						<marc:subfield code="b">t.p. (U.S. National Vaccine Plan)</marc:subfield>
					</marc:datafield>
				</marc:record>
			</metadata>
		</record>