
    <record>
      <header>
        <identifier>oai:library.rochester.edu:URVoyager1/031</identifier>
        <datestamp>2010-08-10T20:06:32Z</datestamp>
        <setSpec>auth</setSpec>
      </header>
			<metadata>
				<marc:record xmlns:marc="http://www.loc.gov/MARC21/slim" xmlns:xsi="http://www.w3.org/2001/XMLSchema-instance" xsi:schemaLocation="http://www.loc.gov/MARC21/slim http://128.151.244.135:8080/OAIToolkit/schema/MARC21slim_custom.xsd">
					<marc:leader>00945cz  a2200217n  4500</marc:leader>
					<marc:controlfield tag="001">3</marc:controlfield>
					<marc:controlfield tag="003">NRU</marc:controlfield>
					<marc:controlfield tag="005">20030414163951.0</marc:controlfield>
					<marc:controlfield tag="008">930122n| acannaab           |a aaa     c</marc:controlfield>
					<marc:datafield ind1=" " ind2=" " tag="010">
						<marc:subfield code="a">nr 93002522 </marc:subfield>
					</marc:datafield>
					<marc:datafield ind1=" " ind2=" " tag="035">
						<marc:subfield code="a">(Uk)sb052856</marc:subfield>
					</marc:datafield>
					<marc:datafield ind1=" " ind2=" " tag="035">
						<marc:subfield code="a">(DLC)nr 93002522</marc:subfield>
					</marc:datafield>
					<marc:datafield ind1=" " ind2=" " tag="040">
						<marc:subfield code="a">Uk/ESTC-NA</marc:subfield>
						<marc:subfield code="c">ESTC-NA</marc:subfield>
						<marc:subfield code="d">CSmH</marc:subfield>
					</marc:datafield>
					<marc:datafield ind1="1" ind2="0" tag="100">
						<marc:subfield code="a">Fitzer, William,</marc:subfield>
						<marc:subfield code="d">ca. 1600-1671</marc:subfield>
					</marc:datafield>
					<marc:datafield ind1="1" ind2=" " tag="400">
						<marc:subfield code="a">Fitzer, Wilhelm,</marc:subfield>
						<marc:subfield code="d">ca. 1600-1671</marc:subfield>
					</marc:datafield>
					<marc:datafield ind1="1" ind2=" " tag="400">
						<marc:subfield code="a">Fitzer, Guilielmus,</marc:subfield>
						<marc:subfield code="d">ca. 1600-1671</marc:subfield>
					</marc:datafield>
					<marc:datafield ind1=" " ind2=" " tag="667">
						<marc:subfield code="a">Data provided by the ESTC/BL</marc:subfield>
					</marc:datafield>
					<marc:datafield ind1=" " ind2=" " tag="670">
						<marc:subfield code="a">Caracters and diuersitie of letters vsed by diuers nations in the vvorld, 1628:</marc:subfield>
						<marc:subfield code="b">dedication (William Fitzer)</marc:subfield>
					</marc:datafield>
					<marc:datafield ind1=" " ind2=" " tag="670">
						<marc:subfield code="a">Fludd, R. Medicina catholica, 1628:</marc:subfield>
						<marc:subfield code="b">t.p. (impensis Wilhelmi Fitzeri [Frankfurt])</marc:subfield>
					</marc:datafield>
					<marc:datafield ind1=" " ind2=" " tag="670">
						<marc:subfield code="a">NUC pre-56</marc:subfield>
						<marc:subfield code="b">(Fitzer, William, ca. 1600-1671)</marc:subfield>
					</marc:datafield>
					<marc:datafield ind1=" " ind2=" " tag="670">
						<marc:subfield code="a">OCLC, May 28, 2002</marc:subfield>
						<marc:subfield code="b">(hdg.: Fitzer, William, ca. 1600-1671; usage: Wilhelmi Fitzeri, Wilhelmi Fitzeri Angli, Guilielmi Fitzeri)</marc:subfield>
					</marc:datafield>
					<marc:datafield ind1=" " ind2=" " tag="675">
						<marc:subfield code="a">Benzing, J. Die buchdrucker des 16 und 17 jahrhunderts</marc:subfield>
					</marc:datafield>
				</marc:record>
			</metadata>
		</record>
		<resumptionToken>it doesn't matter</resumptionToken>
	</ListRecords>
</OAI-PMH>

